
@Article{DieWasserkriseEinWeltweitesProblem,
    AUTHOR = {{Watch Tower Bible and Tract Society of Pennsylvania}},
		day= "22",
    month = "8", 
    year = "1997", 
				journal="Erwachet!",
    TITLE = {{Die Wasserkrise — Ein weltweites Problem}},
		note = {Url: \url{https://wol.jw.org/de/wol/d/r10/lp-x/101997600}, zuletzt geprüft am 31.01.2019},
		page = "2"
}

@Article{Rettung,
    author = {{Watch Tower Bible and Tract Society of Pennsylvania}},
		day= "15",
    month = "8", 
    year = "1997", 
				journal="Der Wachtturm verkündigt Jehovas Königreich",
    TITLE = {{Rettung — Was sie wirklich bedeutet}},
		note = {Url: \url{https://wol.jw.org/de/wol/d/r10/lp-x/1997602}, zuletzt geprüft am 31.01.2019},
		page = "2-7"
}

@misc{DIEDRINGLICHKEITDERLIEBE, 
		author={{Deutsche Filmakademie}},
    title = "Interview mit Mathilde Bonnefoy",
		note = {\newline Url: \url{https://vierundzwanzig.de/uploads/tx_vierundzwanzigvideo/Mathilde_Bonnefoy_01.pdf}, zuletzt geprüft am 31.01.2019}
}

@Article{AllesBlossEinSpiel,
    author = {Roser, Traugott},
    year = "2000",
		month = "8", 
		journal={Magazin für Theologie und Ästhetik},
    TITLE = {Lola rennt},
		titleaddon = {oder: Drei vergebliche Versuche über Eindeutigkeit \newline},
		note = {Url: \url{https://www.theomag.de/08/tr1.htm}, zuletzt geprüft am 31.01.2019}
}

@misc{AnythingRuns,
    AUTHOR = {Tom Tykwer},
    TITLE = {{Anything Runs}},
		note = {Url: \url{https://web.archive.org/web/20180707162724/http://www.tomtykwer.com/Filmography/Run-Lola-Run}, zuletzt geprüft am 31.01.2019}
}

@book{keutzer2014filmanalyse,
  title={Filmanalyse},
  author={Keutzer, Oliver and Lauritz, Sebastian and Mehlinger, Claudia and Moormann, Peter},
  year={2014},
  publisher={Springer-Verlag}
}